@Article{Prosser93Hybrid,
 author = {Patrick Prosser},
 title = {Hybrid Algorithms For the Constraint Satisfaction Problem},
 journal = {Computational Intelligence},
 year = {1993},
 volume = {9},
 number = {3},
 pages = {268--299},
}

@misc{csplibprob030,
  title="{CSPLib} Problem 030: Balanced Academic Curriculum Problem (BACP)",
  author={ Brahim Hnich and Zeynep Kiziltan and Toby Walsh },
  editor = {Jefferson, Christopher and Miguel, Ian and Hnich, Brahim and Walsh, Toby and Gent, Ian P.},
  booktitle = "{CSPLib}: A problem library for constraints",
  howpublished={\url{http://www.csplib.org/Problems/prob030 } },
  urldate = {2015-08-18}
}

@article{DBLP:journals/corr/cs-PL-0110007,
  author    = {Carlos Castro and
               Sebastian Manzano},
  title     = {Variable and Value Ordering When Solving Balanced Academic
               Curriculum Problems},
  journal   = {CoRR},
  volume    = {cs.PL/0110007},
  year      = {2001},
  ee        = {http://arxiv.org/abs/cs.PL/0110007},
  bibsource = {DBLP, http://dblp.uni-trier.de}
}

@inproceedings{Hnich02modellinga,
  author = {Brahim Hnich and Zeynep Kiziltan},
  title = {Modelling a balanced academic curriculum problem},
  booktitle = {Proceedings of CP-AI-OR-2002},
  year = {2002},
  pages = {121--131}
}

@incollection{
  year={2005},
  isbn={978-3-540-29208-1},
  booktitle={Logic Programming},
  volume={3668},
  series={Lecture Notes in Computer Science},
  editor={Gabbrielli, Maurizio and Gupta, Gopal},
  doi={10.1007/11562931_38},
  title={Hybridization of Genetic Algorithms and Constraint Propagation for the BACP},
  url={http://dx.doi.org/10.1007/11562931_38},
  publisher={Springer Berlin Heidelberg},
  author={Lambert, Tony and Castro, Carlos and Monfroy, Eric and Riff, MaríaCristina and Saubion, Frédéric},
  pages={421-423},
  language={English}
}


@incollection{Rutkowski,
  year={2006},
  isbn={978-3-540-35748-3},
  booktitle={Artificial Intelligence and Soft Computing – ICAISC 2006},
  volume={4029},
  series={Lecture Notes in Computer Science},
  editor={Rutkowski, Leszek and Tadeusiewicz, Ryszard and Zadeh, LotfiA. and Zurada, JacekM.},
  doi={10.1007/11785231_44},
  title={Solving the Balanced Academic Curriculum Problem with an Hybridization of Genetic Algorithm and Constraint Propagation},
  url={http://dx.doi.org/10.1007/11785231_44},
  publisher={Springer Berlin Heidelberg},
  keywords={CSP; genetic algorithms; constraint propagation; hybrid resolution},
  author={Lambert, T. and Castro, C. and Monfroy, E. and Saubion, F.},
  pages={410-419},
  language={English}
}

@misc{Monette07acp,
  author = {Jean-noël Monette and Pierre Schaus and Stéphane Zampelli and Yves Deville and Pierre Dupont},
  title = {A CP Approach to the Balanced Academic Curriculum Problem},
  year = {2007}
}

@incollection{
  year={2007},
  isbn={978-3-540-73353-9},
  booktitle={Human Interface and the Management of Information. Interacting in Information Environments},
  volume={4558},
  series={Lecture Notes in Computer Science},
  editor={Smith, MichaelJ. and Salvendy, Gavriel},
  doi={10.1007/978-3-540-73354-6_31},
  title={A Quantitative Approach for the Design of Academic Curricula},
  url={http://dx.doi.org/10.1007/978-3-540-73354-6_31},
  publisher={Springer Berlin Heidelberg},
  author={Castro, Carlos and Crawford, Broderick and Monfroy, Eric},
  pages={279-288},
  language={English}
}


@incollection{GbacpGaspero,
  year={2008},
  isbn={978-3-540-88438-5},
  booktitle={Hybrid Metaheuristics},
  volume={5296},
  series={Lecture Notes in Computer Science},
  editor={Blesa, MaríaJ. and Blum, Christian and Cotta, Carlos and Fernández, AntonioJ. and Gallardo, JoséE. and Roli, Andrea and Sampels, Michael},
  doi={10.1007/978-3-540-88439-2_11},
  title={Hybrid Local Search Techniques for the Generalized Balanced Academic Curriculum Problem},
  url={http://dx.doi.org/10.1007/978-3-540-88439-2_11},
  publisher={Springer Berlin Heidelberg},
  author={Di Gaspero, Luca and Schaerf, Andrea},
  pages={146-157},
  language={English}
}



@article{balac,
  year={2012},
  issn={1381-1231},
  journal={Journal of Heuristics},
  volume={18},
  number={1},
  doi={10.1007/s10732-011-9158-2},
  title={The balanced academic curriculum problem revisited},
  url={http://dx.doi.org/10.1007/s10732-011-9158-2},
  publisher={Springer US},
  keywords={Combinatorial optimization; Metaheuristic methodologies; Timetabling; Local search},
  author={Chiarandini, Marco and Di Gaspero, Luca and Gualandi, Stefano and Schaerf, Andrea},
  pages={119-148},
  language={English}
}

@article {IOPORT.06373100,
  author       = {Rubio, Jos\'e-Miguel and Palma, Wenceslao and Rodriguez, Nibaldo and Soto, Ricardo and Crawford, Broderick and Paredes, Fernando and Cabrera, Guillermo},
  title        = {Solving the balanced academic curriculum problem using the ACO metaheuristic.},
  year         = {2013},
  journal      = {Mathematical Problems in Engineering},
  volume       = {2013},
  issn         = {1024-123X},
  pages        = {Article ID 793671, 8 p.},
  publisher    = {Hindawi, New York, NY},
  doi          = {10.1155/2013/793671},
  abstract     = {Summary: The balanced academic curriculum problem consists in the assignation of courses to academic periods satisfying all the load limits and prerequisite constraints. In this paper, we present the design of a solution to the balanced academic curriculum problem based on the ACO metaheuristic, in particular via the Best-Worst Ant System. We provide an experimental evaluation which illustrates the effectiveness of the proposed approach on a set of classic benchmarks as well as on real instances.},
  identifier   = {06373100},
}
